
@article{kennedy_2010,
    title = {Detecting trends in forest disturbance and recovery using yearly Landsat time series: 1. LandTrendr — Temporal segmentation algorithms},
    journal = {Remote Sensing of Environment},
    volume = {114},
    number = {12},
    pages = {2897-2910},
    year = {2010},
    issn = {0034-4257},
    doi = {https://doi.org/10.1016/j.rse.2010.07.008},
    url = {https://www.sciencedirect.com/science/article/pii/S0034425710002245},
    author = {Robert E. Kennedy and Zhiqiang Yang and Warren B. Cohen},
    keywords = {Change detection, Land cover dynamics, Landsat, Time series, Forest disturbance, Forest growth, Temporal segmentation},}

@article{mcnicol_2023,
    author = {McNicol, Iain and Keane, Aidan and Burgess, Neil and Bowers, Samuel and Mitchard, Edward and Ryan, Casey},
    year = {2023},
    month = {10},
    pages = {},
    title = {Protected areas reduce deforestation and degradation and enhance woody growth across African woodlands},
    volume = {4},
    journal = {Communications Earth & Environment},
    doi = {10.1038/s43247-023-01053-4}
}

@ARTICLE{rosberg_2024,
    author={Roßberg, Thomas and Schmitt, Michael},
    journal={IEEE Journal of Selected Topics in Applied Earth Observations and Remote Sensing}, 
    title={Dense NDVI Time Series by Fusion of Optical and SAR-derived Data}, 
    year={2024},
    volume={},
    number={},
    pages={1-12},
    keywords={Time series analysis;Optical sensors;Optical imaging;Adaptive optics;Clouds;Optical filters;Synthetic aperture radar;Deep learning;vegetation monitoring;data fusion;gap-filling;cloud removal;recurrent neural network (RNN)},
    doi={10.1109/JSTARS.2024.3379838}
}

@ARTICLE{wang_2023,
    author={Wang, Yunxia and others},
    journal={Nature},
    title={High-resolution maps show that rubber causes substantial deforestation},
    year={2023},
    volume={623},
    pages={340-346},
    doi={https://doi.org/10.1038/s41586-023-06642-z}
}

@Article{xu_2021,
    AUTHOR = {Xu, Kaibin and Qian, Jing and Hu, Zengyun and Duan, Zheng and Chen, Chaoliang and Liu, Jun and Sun, Jiayu and Wei, Shujie and Xing, Xiuwei},
    TITLE = {A New Machine Learning Approach in Detecting the Oil Palm Plantations Using Remote Sensing Data},
    JOURNAL = {Remote Sensing},
    VOLUME = {13},
    YEAR = {2021},
    NUMBER = {2},
    ARTICLE-NUMBER = {236},
    URL = {https://www.mdpi.com/2072-4292/13/2/236},
    ISSN = {2072-4292},
    DOI = {10.3390/rs13020236}
}